<record><leader>00000cas a22000007a 4500</leader><controlfield tag="001">14208523</controlfield><controlfield tag="008">860912c18899999txuwr ne      0    0eng d</controlfield><datafield ind1=" " ind2=" " tag="010"><subfield code="a">sn 86089009 </subfield></datafield><datafield ind1=" " ind2=" " tag="040"><subfield code="a">PPM</subfield><subfield code="b">eng</subfield><subfield code="c">PPM</subfield><subfield code="d">OCLCQ</subfield></datafield><datafield ind1=" " ind2=" " tag="042"><subfield code="a">msc</subfield></datafield><datafield ind1="0" ind2=" " tag="130"><subfield code="a">Mason County news (Mason, Tex.)</subfield></datafield><datafield ind1="1" ind2="0" tag="245"><subfield code="a">Mason County news.</subfield></datafield><datafield ind1=" " ind2=" " tag="260"><subfield code="a">Mason, Tex. :</subfield><subfield code="b">V.M. Loving</subfield></datafield><datafield ind1=" " ind2=" " tag="300"><subfield code="a">v. :</subfield><subfield code="b">ill. ;</subfield><subfield code="c">56 cm.</subfield></datafield><datafield ind1=" " ind2=" " tag="310"><subfield code="a">Weekly</subfield></datafield><datafield ind1="0" ind2=" " tag="362"><subfield code="a">Vol. 6, no. 36 (Mar. 2, 1889)-</subfield></datafield><datafield ind1=" " ind2=" " tag="752"><subfield code="a">United States</subfield><subfield code="b">Texas</subfield><subfield code="c">Mason</subfield><subfield code="d">Mason.</subfield></datafield><datafield ind1="0" ind2="5" tag="780"><subfield code="t">Mason County star</subfield></datafield><datafield ind1="0" ind2="5" tag="780"><subfield code="t">Fredonia kicker</subfield></datafield><datafield ind1="0" ind2="5" tag="780"><subfield code="t">Mason herald</subfield><subfield code="w">(DLC)sn 94059114</subfield></datafield><datafield ind1="0" ind2="5" tag="780"><subfield code="t">Mason maverick</subfield></datafield><datafield ind1="0" ind2="0" tag="780"><subfield code="t">Mason news</subfield><subfield code="w">(DLC)sn 87091234</subfield></datafield></record>